@book{kroeger,
  title={Numerical Simulation of Radio Frequency
Ablation with State Dependent Material
Parameters in Three Space Dimensions},
  author={Tim Kr√∂ger et. al.},
  year={2006},
  publisher={Springer}
}

@book{cplusplus,
  title={C++ Succinctly},
  author={Michael McLaughlin},
  year={2012},
  publisher={Syncfusion Inc.}
}

@book{zitat1,
  title={Richard Feynman},
  publisher={The Character of Physical Law, 1965},
  author={Physicists like to think that all you have to do is say 'These are the conditions now what happens next?'}
}

@book{zitat2,
  title={Werner Heisenberg},
  publisher={Across the Frontiers, 1972},
  author={it is stranger than we can think. \; \; \; \; \;  , Not only is the Universe stranger than we think}
}

